% This file was created with Citavi 5.7.1.0

@book{Balzert.2009,
 author = {Balzert, Heide and Klug, Uwe and Pampuch, Anja},
 year = {2009},
 title = {Webdesign {\&} Web-Usability: Basiswissen f{\"u}r Web-Entwickler},
 price = {EUR 29,90},
 address = {Herdecke},
 edition = {2. Aufl.},
 publisher = {W3L-Verl.},
 isbn = {978-3-86834-011-2},
 series = {Informatik}
}


@book{Hume.2018,
 author = {Hume, David},
 year = {2018},
 title = {Progressive web apps},
 url = {http://proquest.tech.safaribooksonline.de/9781617294587},
 address = {Shelter Island, NY},
 publisher = {{Manning Publications}},
 isbn = {978-1-61729-458-7}
}


@book{Liebel.2019,
 author = {Liebel, Christian},
 year = {2019},
 title = {Progressive Web Apps: Das Praxisbuch},
 price = {Festeinband : EUR 39.90 (DE), EUR 41.10 (AT), CHF 49.90 (freier Preis)},
 address = {Bonn},
 edition = {1. Auflage},
 publisher = {{Rheinwerk Verlag}},
 isbn = {3836264943},
 series = {Rheinwerk Computing},
 institution = {{Galileo Press}}
}


@book{Moser.2012,
 abstract = {Heute reicht Funktionalit{\"a}t nicht mehr aus, um die Benutzer von Internet- oder Desktop-Applikationen zu begeistern. Das Benutzererlebnis wird immer st{\"a}rker zum Schl{\"u}sselfaktor um ein Produkt im Markt zu differenzieren. Eine gute User Experience entsteht jedoch nicht durch Zufall. Sie ist das Ergebnis aus einer gr{\"u}ndlichen Benutzeranalyse, einem guten Verst{\"a}ndnis f{\"u}r das Business und einem starken Designprozess. Erst wenn alle Teile des Puzzles perfekt zueinander passen, entsteht ein Produkt, das den Benutzer begeistert. Das Buch bietet dem Leser einen kompakten Einstieg und f{\"u}hrt ihn durch den ganzen Designprozess von der Businessanalyse bis zur Produkteinf{\"u}hrung. Auf vielen Doppelseiten werden relevante Methoden einfach und verst{\"a}ndlich erkl{\"a}rt. Das Buch bietet dem Leser durch seine sorgf{\"a}ltige Gestaltung und die innovative Navigation ein ganz besonderes Erlebnis.},
 author = {Moser, Christian},
 year = {2012},
 title = {User Experience Design: Mit erlebniszentrierter Softwareentwicklung zu Produkten, die begeistern},
 url = {http://site.ebrary.com/lib/alltitles/docDetail.action?docID=10582569},
 address = {Berlin, Heidelberg},
 publisher = {Springer},
 isbn = {978-3-642-13362-6},
 series = {X.media.press},
 doi = {10.1007/978-3-642-13363-3}
}


@misc{Simon&Kucher.2014,
 author = {{Simon {\&} Kucher}},
 date = {2014},
 title = {Press Release: 72 percent of all new products flop},
 url = {https://www.simon-kucher.com/sites/default/files/simon-kucher_global_pricing_study_2014.pdf},
 editor = {{Simon Kucher {\&} Partner, Strategy {\&} Merkting Consultants}}
}


@misc{Statista.2020,
 editor = {Statista},
 year = {2020},
 title = {Anteil der mobilen Internetnutzer in Deutschland},
 url = {https://de.statista.com/statistik/daten/studie/633698/umfrage/anteil-der-mobilen-internetnutzer-in-deutschland/}
}


@misc{UniversitatStuttgart.2012,
 author = {{Universit{\"a}t Stuttgart}},
 date = {2012},
 title = {Ermittlung der weggeworfenen Lebensmittelmengen und Vorschl{\"a}ge zur Verminderung der Wegwerfrate bei Lebensmitteln in Deutschland: Kurzfassung},
 url = {https://www.bmel.de/SharedDocs/Downloads/DE/_Ernaehrung/Lebensmittelverschwendung/Studie_Lebensmittelabfaelle_Kurzfassung.pdf?__blob=publicationFile&v=3},
 editor = {{Bundesministerium f{\"u}r Ern{\"a}hrung, Landwirtschaft und Verbraucherschutz}}
}


